<record><leader>00000cas a2200000 a 4500</leader><controlfield tag="001">31036364</controlfield><controlfield tag="008">940831d18901941iluwr ne      0   a0eng c</controlfield><datafield ind1=" " ind2=" " tag="010"><subfield code="a">sn 94060577 </subfield></datafield><datafield ind1=" " ind2=" " tag="040"><subfield code="a">IEE</subfield><subfield code="b">eng</subfield><subfield code="c">IEE</subfield><subfield code="d">NVF</subfield><subfield code="d">OCL</subfield><subfield code="d">CVF</subfield><subfield code="d">NVF</subfield><subfield code="d">OCLCF</subfield><subfield code="d">OCLCO</subfield></datafield><datafield ind1="1" ind2=" " tag="029"><subfield code="a">AU@</subfield><subfield code="b">000011276959</subfield></datafield><datafield ind1=" " ind2=" " tag="042"><subfield code="a">pcc</subfield></datafield><datafield ind1=" " ind2=" " tag="043"><subfield code="a">n-us-il</subfield></datafield><datafield ind1="0" ind2="4" tag="245"><subfield code="a">The Barrington review.</subfield></datafield><datafield ind1=" " ind2=" " tag="260"><subfield code="a">Barrington, Ill. :</subfield><subfield code="b">P.C. Furbush</subfield></datafield><datafield ind1=" " ind2=" " tag="300"><subfield code="a">v.</subfield></datafield><datafield ind1=" " ind2=" " tag="310"><subfield code="a">Weekly</subfield></datafield><datafield ind1="1" ind2=" " tag="362"><subfield code="a">Began in 1890?</subfield></datafield><datafield ind1="0" ind2=" " tag="362"><subfield code="a">-v. 53, no. 30 (Aug. 21, 1941).</subfield></datafield><datafield ind1=" " ind2=" " tag="580"><subfield code="a">Merged with: Community courier (Barrington, Ill.), to form: Barrington courier-review.</subfield></datafield><datafield ind1=" " ind2=" " tag="588"><subfield code="a">Description based on: Vol. 1, no. 27 (Feb. 1, 1890).</subfield></datafield><datafield ind1=" " ind2="0" tag="651"><subfield code="a">Barrington (Ill.)</subfield><subfield code="v">Newspapers.</subfield></datafield><datafield ind1=" " ind2="7" tag="655"><subfield code="a">Newspapers.</subfield><subfield code="2">fast</subfield><subfield code="0">(OCoLC)fst01423814</subfield></datafield><datafield ind1=" " ind2="7" tag="651"><subfield code="a">Illinois</subfield><subfield code="z">Barrington.</subfield><subfield code="2">fast</subfield><subfield code="0">(OCoLC)fst01225794</subfield></datafield><datafield ind1=" " ind2=" " tag="752"><subfield code="a">United States</subfield><subfield code="b">Illinois</subfield><subfield code="c">Cook</subfield><subfield code="d">Barrington.</subfield></datafield><datafield ind1="1" ind2="7" tag="785"><subfield code="t">Community courier (Barrington, Ill.)</subfield><subfield code="w">(DLC)sn 94060578</subfield><subfield code="w">(OCoLC)31038455</subfield></datafield><datafield ind1="1" ind2="7" tag="785"><subfield code="t">Barrington courier-review</subfield><subfield code="w">(DLC)sn 94060579</subfield><subfield code="w">(OCoLC)31038498</subfield></datafield></record>